<record><leader>00000cas a22000007a 4500</leader><controlfield tag="001">11012534</controlfield><controlfield tag="008">840802d19801987njudr ne      0    0eng  </controlfield><controlfield tag="009">466</controlfield><datafield ind1=" " ind2=" " tag="010"><subfield code="a">sn 84020520 </subfield></datafield><datafield ind1=" " ind2=" " tag="040"><subfield code="a">DLC</subfield><subfield code="b">eng</subfield><subfield code="c">DLC</subfield><subfield code="d">NPA</subfield><subfield code="d">NJW</subfield><subfield code="d">NSD</subfield><subfield code="d">NJW</subfield><subfield code="d">NPA</subfield><subfield code="d">DLC</subfield><subfield code="d">OCLCQ</subfield><subfield code="d">DLC</subfield><subfield code="d">OCLCQ</subfield></datafield><datafield ind1="1" ind2=" " tag="029"><subfield code="a">AU@</subfield><subfield code="b">000026222060</subfield></datafield><datafield ind1=" " ind2=" " tag="042"><subfield code="a">msc</subfield></datafield><datafield ind1="0" ind2="0" tag="050"><subfield code="a">Newspaper</subfield></datafield><datafield ind1="0" ind2=" " tag="130"><subfield code="a">News (Paterson, N.J.)</subfield></datafield><datafield ind1="1" ind2="4" tag="245"><subfield code="a">The news.</subfield></datafield><datafield ind1="3" ind2="0" tag="246"><subfield code="a">North Jersey herald &amp; news</subfield></datafield><datafield ind1="3" ind2="0" tag="246"><subfield code="a">North Jersey herald and news</subfield></datafield><datafield ind1=" " ind2=" " tag="260"><subfield code="a">Paterson, N.J. :</subfield><subfield code="b">News Print. Co.,</subfield><subfield code="c">1980-1987.</subfield></datafield><datafield ind1=" " ind2=" " tag="300"><subfield code="a">v. :</subfield><subfield code="b">ill. ;</subfield><subfield code="c">49-58 cm.</subfield></datafield><datafield ind1=" " ind2=" " tag="310"><subfield code="a">Daily,</subfield><subfield code="b">1986-1987</subfield></datafield><datafield ind1=" " ind2=" " tag="321"><subfield code="a">Daily (except Sat. and Sun.)</subfield></datafield><datafield ind1=" " ind2=" " tag="321"><subfield code="a">Daily (except Sun.),</subfield><subfield code="b">&lt;1986&gt;</subfield></datafield><datafield ind1="0" ind2=" " tag="362"><subfield code="a">Vol. 90, no. 109 (May 7, 1980)-Sept. 20, 1987.</subfield></datafield><datafield ind1=" " ind2=" " tag="500"><subfield code="a">"North Jersey's number one morning newspaper."</subfield></datafield><datafield ind1=" " ind2=" " tag="500"><subfield code="a">"An all day newspaper."</subfield></datafield><datafield ind1=" " ind2=" " tag="500"><subfield code="a">Beginning with the issue for July 18, 1987, the Saturday edition of News (Paterson, N.J.) merged with the Saturday and Sunday (called North Jersey Sunday) editions of the North Jersey herald-news to form the North Jersey herald &amp; news, becoming the Saturday and Sunday editions for both newspapers.</subfield></datafield><datafield ind1=" " ind2=" " tag="530"><subfield code="a">Also issued on microfilm by Microfilming Corp. of America.</subfield></datafield><datafield ind1=" " ind2=" " tag="752"><subfield code="a">United States</subfield><subfield code="b">New Jersey</subfield><subfield code="c">Passaic</subfield><subfield code="d">Paterson.</subfield></datafield><datafield ind1="0" ind2=" " tag="775"><subfield code="t">News (Paterson, N.J. : 1980 : Weekend ed.)</subfield><subfield code="w">(DLC)sn 86077207</subfield><subfield code="w">(OCoLC)14066880</subfield></datafield><datafield ind1="0" ind2=" " tag="775"><subfield code="t">News (Paterson, N.J. : County ed.)</subfield></datafield><datafield ind1="0" ind2="4" tag="780"><subfield code="t">Evening news (Paterson, N.J.)</subfield><subfield code="w">(DLC)sn 85036012</subfield><subfield code="w">(OCoLC)14066966</subfield></datafield><datafield ind1="0" ind2="4" tag="780"><subfield code="t">Morning news (Paterson, N.J. : 1977)</subfield><subfield code="w">(DLC)sn 85036013</subfield><subfield code="w">(OCoLC)14066974</subfield></datafield><datafield ind1="0" ind2="7" tag="785"><subfield code="t">North Jersey herald-news</subfield><subfield code="w">(DLC)sn 86077288</subfield><subfield code="w">(OCoLC)15492268</subfield></datafield><datafield ind1="0" ind2="7" tag="785"><subfield code="t">North Jersey herald &amp; news</subfield><subfield code="x">0895-8807</subfield><subfield code="w">(DLC)sn 87068311</subfield><subfield code="w">(OCoLC)16816434</subfield></datafield><datafield ind1="1" ind2=" " tag="787"><subfield code="t">North Jersey herald-news</subfield><subfield code="w">(DLC)sn 86077288</subfield><subfield code="w">(OCoLC)15492268</subfield></datafield></record>